@article{ranocha2021adaptive,
  title={Adaptive numerical simulations with Trixi. jl: A case study of Julia for scientific computing},
  author={Ranocha, Hendrik and Schlottke-Lakemper, Michael and Winters, Andrew R and Faulhaber, Erik and Chan, Jesse and Gassner, Gregor J},
  journal={arXiv preprint arXiv:2108.06476},
  year={2021}
}